@BOOK{hello,
  title={Hello, Android: introducing Google's mobile development platform},
  author={Burnette, Ed},
  year={2010},
  publisher={Pragmatic Bookshelf},
  edition=3
}

@MISC{devServices,
  title = {{Services: Sending Notifications to the User}},
  howpublished = {\url{http://developer.android.com/guide/components/services.html#Notifications}},
  note = {Accessed on 29 Aug 2013}
}

@PHDTHESIS{REST,
author = {Fielding, Roy Thomas},
school = {UC Irvine},
title = {{Architectural Styles and the Design of Network-based Software Architectures}},
type = {PhD Thesis},

year = {2000}
}

@MISC{RFC2616,
  author = {R. Fielding and J. Gettys and J. Mogul and H. Frystyk and L. Masinter and P. Leach and T. Berners-Lee},
  title = {{Hypertext Transfer Protocol -- HTTP/1.1}},
  howpublished = {RFC 2616},
  year = {1999},
  url = {http://tools.ietf.org/html/rfc2616}
}

@INPROCEEDINGS{WoTarch,
  author = {Dominique Guinard and Vlad Trifa and Erik Wilde},
  title = {{A Resource Oriented Architecture for the Web of Things}},
  booktitle = {Proc. IoT},
  year = {2010},
  address = {Tokyo, Japan}
}

@MISC{KeePass,
  title = {{KeePass Password Safe}},
  howpublished = {\url{http://keepass.info/}},
  note = {Accessed on 19 Dec 2013}
}

@MISC{LastPass,
  title = {{LastPass | The Last Password You Have to Remember}},
  howpublished = {\url{http://lastpass.com/}},
  note = {Accessed on 19 Dec 2013}
}

@MISC{LastPassWiki,
  title = {{LastPass Password Manager - Wikipedia, the free encyclopedia}},
  howpublished = {\url{https://en.wikipedia.org/wiki/LastPass}},
  note = {Accessed on 19 Dec 2013}
}

@MISC{Python,
  title = {{Python Programming Language - Official Website}},
  howpublished = {\url{http://python.org/}},
  note = {Accessed on 19 Dec 2013}
}

@MISC{Flask,
  title = {{Welcome | Flask (A Python Microframework)}},
  howpublished = {\url{http://flask.pocoo.org/}},
  note = {Accessed on 19 Dec 2013}
}

@MISC{SQLAlchemy,
  title = {{SQLAlchemy - The Database Toolkit for Python}},
  howpublished = {\url{http://www.sqlalchemy.org/}},
  note = {Accessed on 19 Dec 2013}
}

@MISC{FlaskSQLAlchemy,
  title = {{Flask-SQLAlchemy - Flask-SQLAlchemy 0.16 documentation}},
  howpublished = {\url{http://pythonhosted.org/Flask-SQLAlchemy/}},
  note = {Accessed on 19 Dec 2013}
}

@MISC{Flask-Restful,
  title = {{Flask-RESTful - Flask-RESTful 0.2.1 documentation}},
  howpublished = {\url{http://flask-restful.readthedocs.org/en/latest/}},
  note = {Accessed on 19 Dec 2013}
}

@MISC{SQLite,
  title = {{Android SQLite database and content provider - tutorial}},
  howpublished = {\url{http://www.vogella.com/articles/AndroidSQLite/article.html}},
  note = {Accessed on 15 Dec 2013}
}


